
@misc{resolucionProgramar,
  author = {{Consejo Federal de Educación}},
  title = {Resolución Nro. 263/15},
  year = 2015,
  howpublished = {\url{http://www.me.gov.ar/consejo/resoluciones/res15/263-15.pdf}},
  url = {http://www.me.gov.ar/consejo/resoluciones/res15/263-15.pdf},
  urldate = {2017-03-19},
  note = {[Online]. Available: 2024-10-19}
}

@misc{permanencia,
  author  = {Sanseau M., Sánchez Cestona J., Calio S},
  title   = {Permanencia de las y los estudiantes en la universidad},
  year    = 2023,
  editor  = {CONEAU}
}


@article{gulwani2018automated,
  title={Automated clustering and program repair for introductory programming assignments},
  author={Gulwani, Sumit and Radi{\v{c}}ek, Ivan and Zuleger, Florian},
  journal={ACM SIGPLAN Notices},
  volume={53},
  number={4},
  pages={465--480},
  year={2018},
  publisher={ACM New York, NY, USA}
}

@inproceedings{code2vec,
author = {Zhang, Jian and Wang, Xu and Zhang, Hongyu and Sun, Hailong and Wang, Kaixuan and Liu, Xudong},
title = {A novel neural source code representation based on abstract syntax tree},
year = {2019},
publisher = {IEEE Press},
url = {https://doi.org/10.1109/ICSE.2019.00086},
doi = {10.1109/ICSE.2019.00086},
booktitle = {Proceedings of the 41st International Conference on Software Engineering},
pages = {783–794},
numpages = {12},
keywords = {source code representation, neural network, code clone detection, code classification, abstract syntax tree},
location = {Montreal, Quebec, Canada},
series = {ICSE '19}
}

@misc{simgrade,
        title={SimGrade: Using Code Similarity Measures for More Accurate Human Grading}, 
      author={Sonja Johnson-Yu and Nicholas Bowman and Mehran Sahami and Chris Piech},
      year={2024},
      eprint={2403.14637},
      archivePrefix={arXiv},
      primaryClass={cs.CY},
      url={https://arxiv.org/abs/2403.14637}, 
      note = {[Online]. Available: 2024-10-19}
}

@phdthesis{brigante2020evaluation,
        title={Evaluation of Students’ Source Code Submissions Using Machine Learning}, 
      author={Simone Brigante, Silvia Chiusano, Siegfried Nijssen},
      year={2020},
      url={https://webthesis.biblio.polito.it/secure/16051/1/tesi.pdf}, 
      school={Politecnico di Torino}
}

@phdthesis{analisis-exploratorio,
        title={Análisis exploratorio y estadístico sobre el alumnado de
Ciencias de la Computación en FCEN-UBA
}, 
      author={Daniel Paz, Nicolas Varaschin 187/08},
      year={2020},
      url={https://gestion.dc.uba.ar/media/academic/grade/thesis/VaraschinPaz.pdf}, 
      school={Universidad de Buenos Aires}
}



@article{greenwade93,
    author  = "George D. Greenwade",
    title   = "The {C}omprehensive {T}ex {A}rchive {N}etwork ({CTAN})",
    year    = "1993",
    journal = "TUGBoat",
    volume  = "14",
    number  = "3",
    pages   = "342--351"
}



@online{informeFS,
  author = {Marino, V. (coord.) and Sustas, S. and Quartulli, D. and Curcio, J.},
  title = {Por qué estudiamos informática.
Indagación sobre trayectorias universitarias: instituciones,
estudiantes, género y trabajo. },
  year = 2023,
  howpublished = {\url{https://program.ar/por-que-estudiamos-informatica/}},
  url = {https://program.ar/por-que-estudiamos-informatica/},
  urldate = {2023-07-07}
}



@article{tinto1982limits,
  title={Limits of theory and practice in student attrition},
  author={Tinto, Vincent},
  journal={The journal of higher education},
  volume={53},
  number={6},
  pages={687--700},
  year={1982},
  publisher={Taylor \& Francis}
}


@online{picco,
  title={Relevamiento sobre rendimiento académico en materias de primer año de las carreras dictadas en Exactas},
  author={Picco, Diego},
  year = 2022,
  howpublished = {\url{https://nube.exactas.uba.ar/index.php/s/RMs6iSjorqmpZWT}},
  url = {https://nube.exactas.uba.ar/index.php/s/RMs6iSjorqmpZWT},
  urldate = {2023-07-07}
}




@online{primeros-datos,
  title={Los primeros datos},
  author={Massa, Javier},
  year = 2022,
  howpublished = {\url{https://exactas.uba.ar/los-primeros-datos/}},
  url = {https://exactas.uba.ar/los-primeros-datos/},
  urldate = {2023-12-14}
}

@online{codeBert-repo,
  title={CodeBert - base},
  author={Zhangyin Feng and Daya Guo and Duyu Tang and Nan Duan and Xiaocheng Feng and Ming Gong and Linjun Shou and Bing Qin and Ting Liu and Daxin Jiang and Ming Zhou},
  year = 2020,
  howpublished = {\url{https://huggingface.co/microsoft/codebert-base}},
  url = {https://huggingface.co/microsoft/codebert-base},
  urldate = {2024-10-18}
}


@inproceedings{pustilnik2022estrechando,
  title={Estrechando el contacto entre universidades y estudiantes: comunicaci{\'o}n ante posibles casos de abandono, propuestas para la inscripci{\'o}n},
  author={Pustilnik, Martin and Giuliano, Monica and Puricelli, Fernando and Lombardi, Carlos and Gonz{\'a}lez Tuli{\'a}n, Gerardo and Pagliari, Federico and Saldivia, Cristian and Ybarra, Jonathan and Gaiani, Magal{\'\i}},
  booktitle={XXIV Workshop de Investigadores en Ciencias de la Computaci{\'o}n (WICC 2022, Mendoza)},
  year={2022}
}


@inproceedings{lopez2017tell,
  title={{\relax ``Tell me and I forget, teach me and I may remember, involve me and I learn'': changing the approach of teaching Computer Organization}},
  author={Lopez-Rosenfeld, Mat{\'\i}as},
  booktitle={2017 IEEE/ACM 1st International Workshop on Software Engineering Curricula for Millennials (SECM)}, 
  year={2017},
  volume={},
  number={},
  pages={68-71},
  doi={10.1109/SECM.2017.9}
}

@inproceedings{cerdeiro2021jadicc,
  title = {With a little help of my friends: análisis de la comunicación por redes más allá de un curso},
  author = {Cerdeiro, Manuela and Filevich, Oscar and Grimson, Rafael and Lopez-Rosenfeld, Matías},
  booktitle= {Jornadas Argentinas de la Didactica de las Ciencias de la Computación},
  year = {2021}
}

@article {unsam2020,
  title={Escalando la ense{\~n}anza de programaci{\'o}n en tiempos de pandemia: desaf{\'\i}os y oportunidades},
  author={Cerdeiro, Manuela and Crespo, Jos{\'e} Emilio and Filevich, Oscar and Grimson, Rafael and L{\'o}pez y Rosenfeld, Mat{\'\i}as},
  year={2021},
  url={https://cartografiasdelsur.undav.edu.ar/index.php/CdS/article/view/222}, 
  DOI={10.35428/cds.vi13.222},
  number={1}, 
  volume={13},
  journal={Cartografías del Sur. Revista de Ciencias, Artes y Tecnología}, 
  month={jun.} 
}

@inproceedings{loginova2021embedding,
  title={Embedding navigation patterns for student performance prediction},
  author={Loginova, Ekaterina and Benoit, Dries F.},
  booktitle={Proceedings of The 14th International Conference on Educational Data Mining (EDM 2021)},
  pages={391--399},
  year={2021},
  publisher={International Educational Data Mining Society},
  url={https://educationaldatamining.org/edm2021/}
}



@inproceedings{ocles2021sorting,
  title = {A ordenar, cada cosa en su lugar: una experiencia de migración a la virtualidad de contenidos sobre algoritmos de ordenamiento en la universidad},
  author = {Ocles, Dario and Turjanski, Pablo and Lopez-Rosenfeld, Matías},
  booktitle= {Simposio Argentino de Educación en Informática - Jornadas Argentinas de Informática},
  year = {2021}
}




@misc{DOV,
  title = {Datos y gráfico obtenidos de la Dirección de Orientación Vocacional de la UBA},
  author = {DOV, UBA},
  year = {2024},
  note = {Contacto: dov@de.fcen.uba.ar}
}


@article{baker2016educational,
  title={Educational data mining and learning analytics},
  author={Baker, Ryan S and Martin, Taylor and Rossi, Lisa M},
  journal={The Wiley handbook of cognition and assessment: Frameworks, methodologies, and applications},
  pages={379--396},
  year={2016},
  publisher={Wiley Online Library}
}

@article{automatic_repair,
   title={Automatic repair of real bugs in java: a large-scale experiment on the defects4j dataset},
   volume={22},
   ISSN={1573-7616},
   url={http://dx.doi.org/10.1007/s10664-016-9470-4},
   DOI={10.1007/s10664-016-9470-4},
   number={4},
   journal={Empirical Software Engineering},
   publisher={Springer Science and Business Media LLC},
   author={Martinez, Matias and Durieux, Thomas and Sommerard, Romain and Xuan, Jifeng and Monperrus, Martin},
   year={2016},
   month=oct, pages={1936–1964} }

@misc{codeBert,
      title={CodeBERT: A Pre-Trained Model for Programming and Natural Languages}, 
      author={Zhangyin Feng and Daya Guo and Duyu Tang and Nan Duan and Xiaocheng Feng and Ming Gong and Linjun Shou and Bing Qin and Ting Liu and Daxin Jiang and Ming Zhou},
      year={2020},
      eprint={2002.08155},
      archivePrefix={arXiv},
      primaryClass={cs.CL},
      url={https://arxiv.org/abs/2002.08155}, 
}

@misc{wu2018zeroshotlearningcode,
      title={Zero Shot Learning for Code Education: Rubric Sampling with Deep Learning Inference}, 
      author={Mike Wu and Milan Mosse and Noah Goodman and Chris Piech},
      year={2018},
      eprint={1809.01357},
      archivePrefix={arXiv},
      primaryClass={cs.LG},
      url={https://arxiv.org/abs/1809.01357}, 
}

@book{cooper2011engineering,
  title     = {Engineering a Compiler},
  author    = {Keith D. Cooper and Linda Torczon},
  year      = {2011},
  publisher = {Morgan Kaufmann},
  address   = {Rice University, Houston, Texas},
  isbn      = {978-0-12-088478-0},
  doi       = {https://doi.org/10.1016/C2009-0-27982-7},
  language  = {English},
  copyright = {Copyright © 2011 Elsevier Inc. All rights reserved}
}

@inproceedings{tokens,
    author = {Webster, Jonathan and Kit, Chunyu},
    year = {1992},
    month = {01},
    pages = {1106-1110},
    title = {Tokenization as the initial phase in NLP},
    doi = {10.3115/992424.992434}
}

@article{pca-musil,
  title={Examining Structure of Word Embeddings with PCA},
  author={Musil, Tom{\'a}{\v{s}}},
  journal={arXiv preprint arXiv:1906.00114},
  year={2019}
}

@inproceedings{pca-basirat,
  title={Word Embedding through PCA},
  author={Basirat, Ali},
  booktitle={Conference on Empirical Methods in Natural Language Processing (EMNLP)},
  year={2018}
}

@inproceedings{user2code,
author = {Azcona, David and Arora, Piyush and Hsiao, I-Han and Smeaton, Alan},
title = {user2code2vec: Embeddings for Profiling Students Based on Distributional Representations of Source Code},
year = {2019},
isbn = {9781450362566},
publisher = {Association for Computing Machinery},
address = {New York, NY, USA},
url = {https://doi.org/10.1145/3303772.3303813},
doi = {10.1145/3303772.3303813},
booktitle = {Proceedings of the 9th International Conference on Learning Analytics \& Knowledge},
pages = {86–95},
numpages = {10},
keywords = {user2code2vec, code2vec, Representation Learning for Source Code, Machine Learning, Distributed Representations, Computer Science Education, Code Embeddings},
location = {Tempe, AZ, USA},
series = {LAK19}
}

@misc{pymongo,
  title = {Pymongo},
  howpublished = {\url{https://pymongo.readthedocs.io/en/stable/}},
  note = {[Online]. Available: 2024-10-19}
}

@misc{MongoDB-docs,
  title = {MongoDB Documentation},
  howpublished = {\url{https://www.mongodb.com/docs/}},
  note = {[Online]. Available: 2024-10-19}
}

@misc{sklearn_normalize,
  title = {sklearn.preprocessing.normalize},
  howpublished = {\url{https://scikit-learn.org/1.5/modules/generated/sklearn.preprocessing.normalize.html}},
  note = {[Online]. Available: 2024-10-19},
}
@misc{roberta_model,
  author       = {Hugging Face},
  title        = {RoBERTa Model Documentation},
  year         = {2024},
  url          = {https://huggingface.co/transformers/v2.9.1/model_doc/roberta.html},
  note = {[Online]. Available: 2024-10-19}
}

@misc{ast,
  author       = {Python Software Foundation},
  title        = {Abstract Syntax Trees — ast — Python 3 documentation},
  year         = {2024},
  url          = {https://docs.python.org/3/library/ast.html},
  note = {[Online]. Available: 2024-10-19}
}

@article{kmeans-limitaciones,
author = {Ikotun, Abiodun and Ezugwu, Absalom and Abualigah, Laith and Abuhaija, Belal and Heming, Jia},
year = {2022},
month = {12},
pages = {},
title = {K-means Clustering Algorithms: A Comprehensive Review, Variants Analysis, and Advances in the Era of Big Data},
volume = {622},
journal = {Information Sciences},
doi = {10.1016/j.ins.2022.11.139}
}


@inproceedings{metodo-codo,
  title={K-Means Clustering Optimization Using the Elbow Method and Early Centroid Determination Based on Mean and Median Formula},
  author={Edy Umargono and Jatmiko Endro Suseno and S.K Vincensius Gunawan},
  year={2020},
  booktitle={Proceedings of the 2nd International Seminar on Science and Technology (ISSTEC 2019)},
  pages={121-129},
  issn={2352-5398},
  isbn={978-94-6239-168-0},
  url={https://doi.org/10.2991/assehr.k.201010.019},
  doi={10.2991/assehr.k.201010.019},
  publisher={Atlantis Press}
}

@ARTICLE{kmeans,
  author={Sinaga, Kristina P. and Yang, Miin-Shen},
  journal={IEEE Access}, 
  title={Unsupervised K-Means Clustering Algorithm}, 
  year={2020},
  doi={10.1109/ACCESS.2020.2988796}}

@article{fuzzy-k-means,
  title={Clustering of clusters},
  author={Chan, K. P. and Cheung, Y. S.},
  journal={Pattern Recognition},
  volume={25},
  number={2},
  pages={211--217},
  year={1992},
  publisher={Elsevier}
}

@incollection{ari,
title = {Chapter 3 - Temporal Data Clustering},
editor = {Yun Yang},
booktitle = {Temporal Data Mining Via Unsupervised Ensemble Learning},
publisher = {Elsevier},
pages = {19-34},
year = {2017},
isbn = {978-0-12-811654-8},
doi = {https://doi.org/10.1016/B978-0-12-811654-8.00003-8},
url = {https://www.sciencedirect.com/science/article/pii/B9780128116548000038},
author = {Yun Yang},
keywords = {Cluster validity index, Clustering validation, Density-based clustering, Hierarchical clustering, Model-based clustering, Partitional clustering},
abstract = {In chapter 2, we generally reviewed the temporal data mining from three aspects: temporal data representation, similarity measures, and mining tasks. Now, we are going to discuss four classes of temporal data clustering algorithms including partitional clustering, hierarchical clustering, density-based clustering, and model-based clustering. Furthermore, clustering validation techniques will be reviewed at the end of this chapter.}
}

@article{nmi,
author = {Amelio, Alessia and Pizzuti, Clara},
year = {2016},
month = {09},
pages = {8-9},
title = {Correction for Closeness: Adjusting Normalized Mutual Information Measure for Clustering Comparison: Correction For Closeness: Adjusting NMI},
volume = {33},
journal = {Computational Intelligence},
doi = {10.1111/coin.12100}
}

@incollection{jaccard,
title = {Chapter 4 - Classification},
editor = {Vijay Kotu and Bala Deshpande},
booktitle = {Data Science (Second Edition)},
publisher = {Morgan Kaufmann},
edition = {Second Edition},
pages = {65-163},
year = {2019},
isbn = {978-0-12-814761-0},
doi = {https://doi.org/10.1016/B978-0-12-814761-0.00004-6},
url = {https://www.sciencedirect.com/science/article/pii/B9780128147610000046},
author = {Vijay Kotu and Bala Deshpande},
keywords = {Classification, decision trees, rule induction, -nearest neighbors, naïve Bayesian, artificial neural networks, support vector machines, ensemble, bagging, boosting, random forests},
abstract = {In classification or class prediction, it’s best to try to use the information from the predictors or independent variables to sort a data sample into two or more distinct classes or buckets. Classification is the most widely used data science task in business. There are several ways to build classification models. In this chapter, six of the most commonly used classification algorithms will be discussed and demonstrated: decision trees, rule induction, k-nearest neighbors (k-NNs), naïve Bayesian, artificial neural networks, and support vector machines. This chapter is concluded by building ensemble classification models and a discussion on bagging, boosting, and random forests.}
}

@article{networkx,
  author  = {Aric A. Hagberg and Daniel A. Schult and Pieter J. Swart},
  title   = {Exploring Network Structure, Dynamics, and Function using NetworkX},
  journal = {Proceedings of the 7th Python in Science Conference},
  pages   = {11 - 15},
  year    = {2008},
  editor  = {Ga\"el Varoquaux and Travis Vaught and Jarrod Millman}
}


@inproceedings{overcode,
author = {Glassman, Elena L. and Scott, Jeremy and Singh, Rishabh and Guo, Philip and Miller, Robert},
title = {OverCode: visualizing variation in student solutions to programming problems at scale},
year = {2014},
isbn = {9781450330688},
publisher = {Association for Computing Machinery},
address = {New York, NY, USA},
url = {https://doi.org/10.1145/2658779.2658809},
doi = {10.1145/2658779.2658809},
booktitle = {Adjunct Proceedings of the 27th Annual ACM Symposium on User Interface Software and Technology},
pages = {129–130},
numpages = {2},
keywords = {MOOC, data mining, programming exercises},
location = {Honolulu, Hawaii, USA},
series = {UIST '14 Adjunct}
}


@article{mu2018all,
  author       = {Jiaqi Mu and
                  Suma Bhat and
                  Pramod Viswanath},
  title        = {All-but-the-Top: Simple and Effective Postprocessing for Word Representations},
  journal      = {CoRR},
  volume       = {abs/1702.01417},
  year         = {2017},
  url          = {http://arxiv.org/abs/1702.01417},
  eprinttype    = {arXiv},
  eprint       = {1702.01417},
  timestamp    = {Mon, 13 Aug 2018 16:46:07 +0200},
  biburl       = {https://dblp.org/rec/journals/corr/MuBV17.bib},
  bibsource    = {dblp computer science bibliography, https://dblp.org}
}


@inproceedings{li2020improving,
	title	= {Improving Recommendation Quality at Google Drive},
	author	= {Suming Jeremiah Chen and Zhen Qin and Zachary Teal Wilson and Brian Lee Calaci and Michael Richard Rose and Ryan Lee Evans and Sean Robert Abraham and Don Metzler and Sandeep Tata and Mike Colagrosso},
	year	= {2020}
}

